<?xml version="1.0" encoding="UTF-8"?><record xmlns="http://www.loc.gov/MARC21/slim" xmlns:cinclude="http://apache.org/cocoon/include/1.0" xmlns:zs="http://www.loc.gov/zing/srw/">
  <leader>00770cz  a2200169n  4500</leader>
  <controlfield tag="001">no2003124374</controlfield>
  <controlfield tag="003">DLC</controlfield>
  <controlfield tag="005">20140609161856.0</controlfield>
  <controlfield tag="008">031211n| azannaabn          fa ana      </controlfield>
  <datafield tag="010" ind1=" " ind2=" ">
    <subfield code="a">no2003124374</subfield>
  </datafield>
  <datafield tag="035" ind1=" " ind2=" ">
    <subfield code="a">(OCoLC)oca06225098</subfield>
  </datafield>
  <datafield tag="040" ind1=" " ind2=" ">
    <subfield code="a">DLC-ON</subfield>
    <subfield code="b">eng</subfield>
    <subfield code="e">rda</subfield>
    <subfield code="c">DLC-ON</subfield>
    <subfield code="d">DLC</subfield>
  </datafield>
  <datafield tag="110" ind1="1" ind2=" ">
    <subfield code="a">Thailand.</subfield>
    <subfield code="b">Samnak Wičhai læ Phatthanā Kānsưksā</subfield>
  </datafield>
  <datafield tag="368" ind1=" " ind2=" ">
    <subfield code="a">Government agency</subfield>
  </datafield>
  <datafield tag="410" ind1="1" ind2=" ">
    <subfield code="a">Thailand.</subfield>
    <subfield code="b">Samnakngān Khana Kammakān Kānsưksā hǣng Chāt.</subfield>
    <subfield code="b">Samnak Wičhai læ Phatthanā Kānsưksā</subfield>
  </datafield>
  <datafield tag="670" ind1=" " ind2=" ">
    <subfield code="a">Rāingān rư̄ang kānčhat kānsưksā chapho̜ thāng ... 2003:</subfield>
    <subfield code="b">t.p. (Samnak Wičhai læ Phatthanā Kānsưksā, Samnakngān Khana Kammakān Kānsưksā hǣng Chāt)</subfield>
  </datafield>
  <datafield tag="675" ind1=" " ind2=" ">
    <subfield code="a">Nāmmasongkhro̜ sūan rātchakān Thai, 2000</subfield>
  </datafield>
</record>